@article{Atallah85,
  author    = {Mikhail J. Atallah},
  title     = {On Symmetry Detection},
  journal   = {IEEE Trans. Computers},
  volume    = {34},
  number    = {7},
  year      = {1985},
  pages     = {663-666},
}
@article{WolterWV85,
  author    = {Jan D. Wolter and
               Tony C. Woo and
               Richard A. Volz},
  title     = {Optimal algorithms for symmetry detection in two and three
               dimensions},
  journal   = {The Visual Computer},
  volume    = {1},
  number    = {1},
  year      = {1985},
  pages     = {37-48},
}
@inproceedings{JiangB91,
  author    = {Xiaoyi Jiang and
               Horst Bunke},
  title     = {Determination of the Symmetries of Polyhedra and an Application
               to Object Recognition},
  booktitle = {Workshop on Computational Geometry},
  year      = {1991},
  pages     = {113-121},
  bibsource = {DBLP, http://dblp.uni-trier.de}
}

@article{BrassK04,
author    = {Peter Bra{\ss} and
               Christian Knauer},
title     = {Testing congruence and symmetry for general 3-dimensional
               objects},
journal   = {Comput. Geom.},
volume    = {27},
number    = {1},
year      = {2004},
  pages     = {3-11},
  ee        = {http://dx.doi.org/10.1016/j.comgeo.2003.07.002},
  bibsource = {DBLP, http://dblp.uni-trier.de}
}
@article{Minovic93,
author = {P. Minovic and S. Ishikawa and K. Kato},
title = {Symmetry Identification of a 3-D Object Represented by Octree},
journal ={IEEE Transactions on Pattern Analysis and Machine Intelligence},
volume = {15},
issn = {0162-8828},
year = {1993},
pages = {507-514},
doi = {http://doi.ieeecomputersociety.org/10.1109/34.211472},
publisher = {IEEE Computer Society},
address = {Los Alamitos, CA, USA},
}

@ARTICLE{Mitra06,
    author = {Niloy J. Mitra and Leonidas J. Guibas and Mark Pauly},
    title = {Partial and approximate symmetry detection for 3{D} geometry},
	journal   = {ACM Trans. Graph.},
    year = {2006},
    volume = {25},
    pages = {560-568}
}
@article{LiLM08,
  author    = {Ming Li and
               Frank C. Langbein and
               Ralph R. Martin},
  title     = {Detecting approximate symmetries of discrete point subsets},
  journal   = {Computer-Aided Design},
  volume    = {40},
  number    = {1},
  year      = {2008},
  pages     = {76-93},
}
@inproceedings{RavivBBK07,
  author    = {Daniel Raviv and
               Alexander M. Bronstein and
               Michael M. Bronstein and
               Ron Kimmel},
  title     = {Symmetries of non-rigid shapes},
  booktitle = {Proc. IEEE International Conference on Computer Vision},
  year      = {2007},
  pages     = {1-7},
  ee        = {http://dx.doi.org/10.1109/ICCV.2007.4409181},
  bibsource = {DBLP, http://dblp.uni-trier.de}
}
@article{RavBBK10,
	title={Full and partial symmetries of non-rigid shapes},
	author={Raviv, D. and Bronstein, A.M. and Bronstein, M.M. and Kimmel, R.},
	journal={International journal of computer vision},
	volume={89},
	number={1},
	pages={18--39},
	year={2010},
	publisher={Springer}
}
@article{PaulyMWPG08,
  author    = {Mark Pauly and
               Niloy J. Mitra and
               Johannes Wallner and
               Helmut Pottmann and
               Leonidas J. Guibas},
  title     = {Discovering structural regularity in 3{D} geometry},
  journal   = {ACM Trans. Graph.},
  volume    = {27},
  number    = {3},
  year      = {2008},
  ee        = {http://doi.acm.org/10.1145/1360612.1360642},
  bibsource = {DBLP, http://dblp.uni-trier.de}
}
@article{MitraGP07,
  author    = {Niloy J. Mitra and
               Leonidas J. Guibas and
               Mark Pauly},
  title     = {Symmetrization},
  journal   = {ACM Trans. Graph.},
  volume    = {26},
  number    = {3},
  year      = {2007},
  pages     = {63},
  ee        = {http://doi.acm.org/10.1145/1276377.1276456},
  bibsource = {DBLP, http://dblp.uni-trier.de}
}
@inproceedings{HilagaSKK01,
  author    = {Masaki Hilaga and
               Yoshihisa Shinagawa and
               Taku Komura and
               Tosiyasu L. Kunii},
  title     = {Topology matching for fully automatic similarity estimation
               of 3{D} shapes},
  booktitle = {SIGGRAPH},
  year      = {2001},
  pages     = {203-212},
}

@article{BiasottiMSF06,
  author    = {Silvia Biasotti and
               Simone Marini and
               Michela Spagnuolo and
               Bianca Falcidieno},
  title     = {Sub-part correspondence by structural descriptors of 3{D}
               shapes},
  journal   = {Computer-Aided Design},
  volume    = {38},
  number    = {9},
  year      = {2006},
  pages     = {1002-1019},
  ee        = {http://dx.doi.org/10.1016/j.cad.2006.07.003},
  bibsource = {DBLP, http://dblp.uni-trier.de}
}

@article{BiasottiGSF08,
  author    = {Silvia Biasotti and
               Daniela Giorgi and
               Michela Spagnuolo and
               Bianca Falcidieno},
  title     = {Reeb graphs for shape analysis and applications},
  journal   = {Theor. Comput. Sci.},
  volume    = {392},
  number    = {1-3},
  year      = {2008},
  pages     = {5-22},
  ee        = {http://dx.doi.org/10.1016/j.tcs.2007.10.018},
  bibsource = {DBLP, http://dblp.uni-trier.de}
}

@article{CollinsZCG04,
  author    = {Anne D. Collins and
               Afra Zomorodian and
               Gunnar Carlsson and
               Leonidas J. Guibas},
  title     = {A barcode shape descriptor for curve point cloud data},
  journal   = {Computers {\&} Graphics},
  volume    = {28},
  number    = {6},
  year      = {2004},
  pages     = {881-894},
  ee        = {http://dx.doi.org/10.1016/j.cag.2004.08.015},
  bibsource = {DBLP, http://dblp.uni-trier.de}
}
@article{KazhdanCDFR03,
  author    = {Michael M. Kazhdan and
                 Bernard Chazelle and
		                David P. Dobkin and
				               Thomas A. Funkhouser and
					                      Szymon Rusinkiewicz},
							        title     = {A Reflective Symmetry Descriptor for 3{D} Models},
								  journal   = {Algorithmica},
								    volume    = {38},
								      number    = {1},
								        year      = {2003},
									  pages     = {201-225},
									    ee        = {http://dx.doi.org/10.1007/s00453-003-1050-5},
									      bibsource = {DBLP, http://dblp.uni-trier.de}
}
@inproceedings{KazhdanFR04,
  author    = {Michael M. Kazhdan and
               Thomas A. Funkhouser and
               Szymon Rusinkiewicz},
  title     = {Symmetry Descriptors and 3{D} Shape Matching},
  booktitle = {Symposium on Geometry Processing},
  year      = {2004},
  pages     = {117-126},
  bibsource = {DBLP, http://dblp.uni-trier.de}
}
@article{WeberDCPH07,
  author    = {Gunther H. Weber and
               Scott E. Dillard and
               Hamish Carr and
               Valerio Pascucci and
               Bernd Hamann},
  title     = {Topology-Controlled Volume Rendering},
  journal   = {IEEE Trans. Vis. Comput. Graph.},
  volume    = {13},
  number    = {2},
  year      = {2007},
  pages     = {330-341},
  ee        = {http://dx.doi.org/10.1109/TVCG.2007.47},
  bibsource = {DBLP, http://dblp.uni-trier.de}
}
@article{WoodHDS04,
  author    = {Zo{\"e} J. Wood and
               Hugues Hoppe and
               Mathieu Desbrun and
               Peter Schr{\"o}der},
  title     = {Removing excess topology from isosurfaces},
  journal   = {ACM Trans. Graph.},
  volume    = {23},
  number    = {2},
  year      = {2004},
  pages     = {190-208},
  ee        = {http://doi.acm.org/10.1145/990002.990007},
  bibsource = {DBLP, http://dblp.uni-trier.de}
}

@inproceedings{PodolakGR07,
  author    = {Joshua Podolak and
               Aleksey Golovinskiy and
               Szymon Rusinkiewicz},
  title     = {Symmetry-enhanced remeshing of surfaces},
  booktitle = {Proc. Symposium on Geometry Processing},
  year      = {2007},
  pages     = {235-242},
  ee        = {http://doi.acm.org/10.1145/1281991.1282023},
  bibsource = {DBLP, http://dblp.uni-trier.de}
}
@inproceedings{SimariKS06,
  author    = {Patricio D. Simari and
               Evangelos Kalogerakis and
               Karan Singh},
  title     = {Folding meshes: hierarchical mesh segmentation based on
               planar symmetry},
  booktitle = {Proc. Symposium on Geometry Processing},
  year      = {2006},
  pages     = {111-119},
  ee        = {http://doi.acm.org/10.1145/1281957.1281972},
  bibsource = {DBLP, http://dblp.uni-trier.de}
}

@article{OHJ09,
author = {Patrick Oesterling and Christian Heine and Heike J\"anicke and Gerik Scheuermann and Gerhard Heyer},
title = {Visualization of High Dimensional Point Clouds Using their Density Distribution's Topology},
journal ={IEEE Trans. Vis. Comput. Graph.},
volume = {99},
number =    {PrePrints},
issn = {1077-2626},
year = {2011}
}
@article{Yusu10,
  author    = {William Harvey and
                 Yusu Wang},
		   title     = {Topological Landscape Ensembles for Visualization of Scalar-Valued
		                  Functions},
				    journal   = {Comput. Graph. Forum},
				      volume    = {29},
				        number    = {3},
					  year      = {2010},
					    pages     = {993-1002},
					      ee        = {http://dx.doi.org/10.1111/j.1467-8659.2009.01706.x},
					        bibsource = {DBLP, http://dblp.uni-trier.de}
}

@article{EdelsLZ02,
  author    = {Herbert Edelsbrunner and
               David Letscher and
               Afra Zomorodian},
  title     = {Topological Persistence and Simplification},
  journal   = {Discrete {\&} Computational Geometry},
  volume    = {28},
  number    = {4},
  year      = {2002},
  pages     = {511-533},
  ee        = {http://link.springer.de/link/service/journals/00454/contents/02/2885/index.html},
  bibsource = {DBLP, http://dblp.uni-trier.de}
}

@article{Pasc09,
   author = {Pascucci, Valerio and Cole-McLaughlin, Kree and Scorzelli, Giorgio},
   title = {The TOPORRERY: computation and presentation of multi-resolution topology},
   journal = {Mathematical Foundations of Scientific Visualization, Computer Graphics, and Massive Data Exploration},
   pages = {19-40},
   year = {2009}
}
@article{GhoshAK10,
  author    = {Deboshmita Ghosh and
                 Nina Amenta and
		                Michael M. Kazhdan},
				  title     = {Closed-form Blending of Local Symmetries},
				    journal   = {Comput. Graph. Forum},
				      volume    = {29},
				        number    = {5},
					  year      = {2010},
					    pages     = {1681-1688},
					      ee        = {http://dx.doi.org/10.1111/j.1467-8659.2010.01777.x},
					        bibsource = {DBLP, http://dblp.uni-trier.de}
}

@article{Podolak06,
  author    = {Joshua Podolak and
                 Philip Shilane and
		                Aleksey Golovinskiy and
				               Szymon Rusinkiewicz and
					                      Thomas A. Funkhouser},
							        title     = {A planar-reflective symmetry transform for 3{D} shapes},
								  journal   = {ACM Trans. Graph.},
								    volume    = {25},
								      number    = {3},
								        year      = {2006},
									  pages     = {549-559},
									    ee        = {http://doi.acm.org/10.1145/1141911.1141923},
									      bibsource = {DBLP, http://dblp.uni-trier.de}
}

@inproceedings{LoyE06,
author    = {Gareth Loy and
Jan-Olof Eklundh},
title     = {Detecting Symmetry and Symmetric Constellations of Features},
booktitle = {Proc. European Conference on
               Computer Vision},
year      = {2006},
pages     = {508-521},
}
@article{Xu09,
	author    = {Kai Xu and
		Hao Zhang and
			Andrea Tagliasacchi and
			Ligang Liu and
			Guo Li and
			Min Meng and
			Yueshan Xiong},
	title     = {Partial intrinsic reflectional symmetry of 3{D} shapes},
	journal   = {ACM Trans. Graph.},
	volume    = {28},
	number    = {5},
	year      = {2009},
}

@article{Rustamov08,
	author = {Rustamov, Raif M.},
	title = {Augmented planar reflective symmetry transform},
	journal = {Vis. Comput.},
	volume = {24},
	issue = {6},
	month = {May},
	year = {2008},
	pages = {423--433},
}

@INPROCEEDINGS{BernerBmWmSaShp2008,
AUTHOR = {Berner, Alexander and Bokeloh, Martin and Wand, Michael and Schilling, Andreas and Seidel, Hans-Peter},
TITLE = {A Graph-Based Approach to Symmetry Detection},
BOOKTITLE = {Proc. Symposium on Volume and Point-Based Graphics},
YEAR = {2008},
PAGES = {1--8},
}

@inproceedings{BiasottisMs06,
	author    = {Silvia Biasotti and
		Simone Marini},
	title     = {Sub-part correspondence using structure and geometry},
	booktitle = {Proc. Eurographics Italian Chapter Conference},
	year      = {2006},
	pages     = {23-28},
	bibsource = {DBLP, http://dblp.uni-trier.de}
}

@article{OvsjanikovSG08,
	author    = {Maks Ovsjanikov and
		Jian Sun and
			Leonidas J. Guibas},
	title     = {Global Intrinsic Symmetries of Shapes},
	journal   = {Comput. Graph. Forum},
	volume    = {27},
	number    = {5},
	year      = {2008},
	pages     = {1341-1348},
	ee        = {http://dx.doi.org/10.1111/j.1467-8659.2008.01273.x},
	bibsource = {DBLP, http://dblp.uni-trier.de}
}
@article{XuZTLLMX09,
	author    = {Kai Xu and
		Hao Zhang and
			Andrea Tagliasacchi and
			Ligang Liu and
			Guo Li and
			Min Meng and
			Yueshan Xiong},
	title     = {Partial intrinsic reflectional symmetry of 3{D} shapes},
	journal   = {ACM Trans. Graph.},
	volume    = {28},
	number    = {5},
	year      = {2009},
	ee        = {http://doi.acm.org/10.1145/1618452.1618484},
	bibsource = {DBLP, http://dblp.uni-trier.de}
}

@inproceedings{MitraBB10,
	author    = {Niloy J. Mitra and
		Alexander M. Bronstein and
			Michael M. Bronstein},
	title     = {Intrinsic Regularity Detection in 3{D} Geometry},
	booktitle = {Proc. European Conference on                                                                           
	Computer Vision},
	year      = {2010},
	pages     = {398-410},
	ee        = {http://dx.doi.org/10.1007/978-3-642-15558-1_29},
	bibsource = {DBLP, http://dblp.uni-trier.de}
}
@article{BronsteinBK09,
	author    = {Alexander M. Bronstein and
		Michael M. Bronstein and
			Ron Kimmel},
	title     = {Topology-Invariant Similarity of Nonrigid Shapes},
	journal   = {International Journal of Computer Vision},
	volume    = {81},
	number    = {3},
	year      = {2009},
	pages     = {281-301},
	ee        = {http://dx.doi.org/10.1007/s11263-008-0172-2},
	bibsource = {DBLP, http://dblp.uni-trier.de}
}
@inproceedings{GolovinskiyPF09,
	author    = {Aleksey Golovinskiy and
		Joshua Podolak and
			Thomas A. Funkhouser},
	title     = {Symmetry-Aware Mesh Processing},
	booktitle = {Proc. IMA Conference on the Mathematics of Surfaces},
	year      = {2009},
	pages     = {170-188},
	ee        = {http://dx.doi.org/10.1007/978-3-642-03596-8_10},
	bibsource = {DBLP, http://dblp.uni-trier.de}
}
@article{MartinetSHS06,
	author    = {Aur{\'e}lien Martinet and
		Cyril Soler and
			Nicolas Holzschuch and
			Fran\c{c}ois X. Sillion},
	title     = {Accurate detection of symmetries in 3{D} shapes},
	journal   = {ACM Trans. Graph.},
	volume    = {25},
	number    = {2},
	year      = {2006},
	pages     = {439-464},
	ee        = {http://doi.acm.org/10.1145/1138450.1138462},
	bibsource = {DBLP, http://dblp.uni-trier.de}
}

@inproceedings{ThrunW05,
	author    = {Sebastian Thrun and
		Ben Wegbreit},
	title     = {Shape from Symmetry},
	booktitle = {Proc. IEEE International Conference on Computer Vision},
	year      = {2005},
	pages     = {1824-1831},
	ee        = {http://doi.ieeecomputersociety.org/10.1109/ICCV.2005.221},
	bibsource = {DBLP, http://dblp.uni-trier.de}
}


@article{HongS08,
	author    = {Yuan Hong and
		Han-Wei Shen},
	title     = {Parallel reflective symmetry transformation for volume data},
	journal   = {Computers {\&} Graphics},
	volume    = {32},
	number    = {1},
	year      = {2008},
	pages     = {41-54},
	ee        = {http://dx.doi.org/10.1016/j.cag.2007.12.003},
	bibsource = {DBLP, http://dblp.uni-trier.de}
}
@article{ScheideggerSDCS08,
	author    = {Carlos Eduardo Scheidegger and
		John M. Schreiner and
			Brian Duffy and
			Hamish Carr and
			Cl{\'a}udio T. Silva},
	title     = {Revisiting Histograms and Isosurface Statistics},
	journal   = {IEEE Trans. Vis. Comput. Graph.},
	volume    = {14},
	number    = {6},
	year      = {2008},
	pages     = {1659-1666},
	ee        = {http://dx.doi.org/10.1109/TVCG.2008.160},
	bibsource = {DBLP, http://dblp.uni-trier.de}
}
@inproceedings{BajajPS97,
  author    = {Chandrajit L. Bajaj and
                 Valerio Pascucci and
		                Daniel Schikore},
				  title     = {The contour spectrum},
				    booktitle = {Proc. IEEE Visualization},
				      year      = {1997},
				        pages     = {167-174},
					  ee        = {http://doi.acm.org/10.1145/266989.267051},
					    bibsource = {DBLP, http://dblp.uni-trier.de}
}


@inproceedings{PekarWH01,
 author = {Pekar, Vladimir and Wiemker, Rafael and Hempel, Daniel},
  title = {Fast detection of meaningful isosurfaces for volume data visualization},
   booktitle = {Proc. IEEE Visualization},
     year = {2001},
        pages = {223--230},
} 
@inproceedings{TenginakaiLM01,
 author = {Tenginakai, Shivaraj and Lee, Jinho and Machiraju, Raghu},
  title = {Salient iso-surface detection with model-independent statistical signatures},
   booktitle = {Proc. IEEE Visualization},
     year = {2001},
        pages = {231--238},
} 

@proceedings{DBLP:conf/visualization/2001,
  editor    = {Thomas Ertl and
                 Kenneth I. Joy and
		                Amitabh Varshney},
				  title     = {IEEE Visualization 2001, October 24-26, 2001, San Diego,
				                 CA, USA, Proceedings},
						   booktitle = {IEEE Visualization},
						     publisher = {IEEE Computer Society},
						       year      = {2001},
						         bibsource = {DBLP, http://dblp.uni-trier.de}
}

@article{BrucknerM10,
  author    = {Stefan Bruckner and
                 Torsten M{\"o}ller},
		   title     = {Isosurface Similarity Maps},
		     journal   = {Comput. Graph. Forum},
		       volume    = {29},
		         number    = {3},
			   year      = {2010},
			     pages     = {773-782},
			       ee        = {http://dx.doi.org/10.1111/j.1467-8659.2009.01689.x},
			         bibsource = {DBLP, http://dblp.uni-trier.de}
}
@article{ZhangMT05,
  author    = {Eugene Zhang and
                 Konstantin Mischaikow and
		                Greg Turk},
				  title     = {Feature-based surface parameterization and texture mapping},
				    journal   = {ACM Trans. Graph.},
				      volume    = {24},
				        number    = {1},
					  year      = {2005},
					    pages     = {1-27},
					      ee        = {http://doi.acm.org/10.1145/1037957.1037958},
					        bibsource = {DBLP, http://dblp.uni-trier.de}
}
@inproceedings{JohanssonMC07,
  author    = {Gunnar Johansson and
                 Ken Museth and
		                Hamish Carr},
				  title     = {Flexible And Topologically Localized Segmentation},
				    booktitle = {EuroVis},
				      year      = {2007},
				        pages     = {179-186},
					  ee        = {http://dx.doi.org/10.2312/VisSym/EuroVis07/179-186},
					      bibsource = {DBLP, http://dblp.uni-trier.de}
}
@inproceedings{TakeshimaTFN05,
  author    = {Yuriko Takeshima and
                 Shigeo Takahashi and
		                Issei Fujishiro and
				               Gregory M. Nielson},
					         title     = {Introducing Topological Attributes for Objective-Based Visualization
						                of Simulated Datasets},
								  booktitle = {Volume Graphics},
								    year      = {2005},
								      pages     = {137-145},
								        ee        = {http://www.eg.org/EG/DL/WS/VG/VG05/137-145.pdf},
									  crossref  = {DBLP:conf/vg/2005},
									    bibsource = {DBLP, http://dblp.uni-trier.de}
}

@inproceedings{CarrS03,
 author = {Carr, Hamish and Snoeyink, Jack},
  title = {Path seeds and flexible isosurfaces using topology for exploratory visualization},
   booktitle = {Proc. Symposium on Data visualisation },
     year = {2003},
        pages = {49--58},
} 

@proceedings{DBLP:conf/vissym/2003,
  title     = {VisSym 2003, Symposium on Visualization, Grenoble, France,
                 May 26-28, 2003},
		   booktitle = {VisSym},
		     publisher = {Eurographics Association},
		       year      = {2003},
		         bibsource = {DBLP, http://dblp.uni-trier.de}
}

@article{CarrSP10,
  author    = {Hamish Carr and
                 Jack Snoeyink and
		                Michiel van de Panne},
				  title     = {Flexible isosurfaces: Simplifying and displaying scalar
				                 topology using the contour tree},
						   journal   = {Comput. Geom.},
						     volume    = {43},
						       number    = {1},
						         year      = {2010},
							   pages     = {42-58},
							     ee        = {http://dx.doi.org/10.1016/j.comgeo.2006.05.009},
							       bibsource = {DBLP, http://dblp.uni-trier.de}
}
@article{ZhouT09,
	author    = {Jianlong Zhou and
		Masahiro Takatsuka},
	title     = {Automatic Transfer Function Generation Using Contour Tree
		Controlled Residue Flow Model and Color Harmonics},
	journal   = {IEEE Trans. Vis. Comput. Graph.},
	volume    = {15},
	number    = {6},
	year      = {2009},
	pages     = {1481-1488},
	ee        = {http://dx.doi.org/10.1109/TVCG.2009.120},
	bibsource = {DBLP, http://dblp.uni-trier.de}
}
@inproceedings{BremerWTPDB09,
	author = {Bremer, Peer-Timo and Weber, Gunther H. and Tierny, Julien and Pascucci, Valerio and Day, Marcus S. and Bell, John B.},
	title = {A Topological Framework for the Interactive Exploration of Large Scale Turbulent Combustion},
	booktitle = {Proc. IEEE International Conference on e-Science},
	year = {2009},
	pages = {247--254},
}
@article{TiernyVD09,
  author    = {Julien Tierny and
                 Jean-Philippe Vandeborre and
		                Mohamed Daoudi},
				  title     = {Partial 3{D} Shape Retrieval by Reeb Pattern Unfolding},
				    journal   = {Comput. Graph. Forum},
				      volume    = {28},
				        number    = {1},
					  year      = {2009},
					    pages     = {41-55},
					      ee        = {http://dx.doi.org/10.1111/j.1467-8659.2008.01190.x},
					        bibsource = {DBLP, http://dblp.uni-trier.de}
}

@inproceedings{TiernyVD07,
  author    = {Julien Tierny and
                 Jean-Philippe Vandeborre and
		                Mohamed Daoudi},
				  title     = {Topology driven 3{D} mesh hierarchical segmentation},
				    booktitle = {Proc. Shape Modeling International},
				      year      = {2007},
				        pages     = {215-220},
					  ee        = {http://doi.ieeecomputersociety.org/10.1109/SMI.2007.38},
					      bibsource = {DBLP, http://dblp.uni-trier.de}
}

@article{WeberBP07,
	author    = {Gunther H. Weber and
		Peer-Timo Bremer and
			Valerio Pascucci},
	title     = {Topological Landscapes: A Terrain Metaphor for Scientific
		Data},
	journal   = {IEEE Trans. Vis. Comput. Graph.},
	volume    = {13},
	number    = {6},
	year      = {2007},
	pages     = {1416-1423},
	ee        = {http://doi.ieeecomputersociety.org/10.1109/TVCG.2007.70601},
	bibsource = {DBLP, http://dblp.uni-trier.de}
}
@article{SchneiderWCHS08,
	author    = {Dominic Schneider and
		Alexander Wiebel and
			Hamish Carr and
			Mario Hlawitschka and
			Gerik Scheuermann},
	title     = {Interactive Comparison of Scalar Fields Based on Largest
		Contours with Applications to Flow Visualization},
	journal   = {IEEE Trans. Vis. Comput. Graph.},
	volume    = {14},
	number    = {6},
	year      = {2008},
	pages     = {1475-1482},
	ee        = {http://dx.doi.org/10.1109/TVCG.2008.143},
	bibsource = {DBLP, http://dblp.uni-trier.de}
}
@article{ZhangBKDNB06,
	author = {X. Zhang and
		C. L. Bajaj and
		B. Kwon and
		T. J. Dolinsky and
		J. E. Nielsen and
  		N. A. Baker},
	title = {Application of new multi-resolution methods for the  comparison of biomolecular electrostatic properties in the absence of
      global structural similarity},
      journal = {SIAM J. Multiscale Modeling and Simulation},
      volume = {5},
      issue = {4}, 
      pages = {1196-1213},
      year = {2006},
}
@inproceedings{Zhang06,
	author = {X. Zhang},
	title = {Complementary Shape Comparison with Additional
	  Properties},
	booktitle = {IEEE Proceedings of Volume Graphics},
	year = {2006},
	pages = {79-86},
}
@inproceedings{ZhangBB05,
	author = {X. Zhang and
		C. L. Bajaj and
  		N. A. Baker},
	title = {Affine Invariant Comparison of Molecular Shapes with Properties},
	booktitle = {ICES Tech Report},
	year = {2005},
}
@inproceedings{KreveldOBPS97,
  author    = {Marc J. van Kreveld and
               Ren{\'e} van Oostrum and
               Chandrajit L. Bajaj and
               Valerio Pascucci and
               Daniel Schikore},
  title     = {Contour Trees and Small Seed Sets for Isosurface Traversal},
  booktitle = {Symposium on Computational Geometry},
  year      = {1997},
  pages     = {212-220},
  ee        = {http://doi.acm.org/10.1145/262839.269238},
  bibsource = {DBLP, http://dblp.uni-trier.de}
}
@article{PascucciSBM07,
	author    = {Valerio Pascucci and
		Giorgio Scorzelli and
			Peer-Timo Bremer and
			Ajith Mascarenhas},
	title     = {Robust on-line computation of Reeb graphs: simplicity and
		speed},
	journal   = {ACM Trans. Graph.},
	volume    = {26},
	number    = {3},
	year      = {2007},
	pages     = {58},
	ee        = {http://doi.acm.org/10.1145/1276377.1276449},
	bibsource = {DBLP, http://dblp.uni-trier.de}
}
@article{DoraiswamyN11,
author = {Harish Doraiswamy and Vijay Natarajan},
title = {Output-Sensitive Construction of Reeb Graphs},
journal   = {IEEE Trans. Vis. Comput. Graph.},
volume = {99},
number = {PrePrints},
issn = {1077-2626},
year = {2011},
}
@article{Alt88,
	author = {Alt, Helmut and Mehlhorn, Kurt and Wagener, Hubert and Welzl, Emo},
	title = {Congruence, similarity, and symmetries of geometric objects},
	journal = {Discrete Comput. Geom.},
	issue_date = {Jan., 1988},
	volume = {3},
	number = {3},
	month = jan,
	year = {1988},
	issn = {0179-5376},
	pages = {237--256},
	numpages = {20},
	acmid = {44614},
	publisher = {Springer-Verlag New York, Inc.},
	address = {Secaucus, NJ, USA},
}
@article{Zab95,
	title={Symmetry as a continuous feature},
	author={Zabrodsky, H. and Peleg, S. and Avnir, D.},
	journal={Pattern Analysis and Machine Intelligence, IEEE Transactions on},
	volume={17},
	number={12},
	pages={1154--1166},
	year={1995},
	publisher={IEEE}
}
@article{Lip10,
	title={Symmetry factored embedding and distance},
	author={Lipman, Y. and Chen, X. and Daubechies, I. and Funkhouser, T.},
	journal={ACM Transactions on Graphics (TOG)},
	volume={29},
	number={4},
	pages={103},
	year={2010},
	publisher={ACM}

}
@article{BokBWSS09,
	title={Symmetry detection using feature lines},
	author={Bokeloh, M. and Berner, A. and Wand, M. and Seidel, H.P. and Schilling, A.},
	journal={Computer Graphics Forum},
	volume={28},
	number={2},
	pages={697--706},
	year={2009},
	organization={Wiley Online Library}
}
@article{BernWMMS11,
	title={Shape analysis with subspace symmetries},
	author={Berner, A. and Wand, M. and Mitra, N.J. and Mewes, D. and Seidel, H.P.},
	journal={Computer Graphics Forum},
	volume={30},
	number={2},
	pages={277--286},
	year={2011},
	organization={Wiley Online Library}
}
@article{BermAK10,
	title={3-d symmetry detection and analysis using the pseudo-polar fourier transform},
	author={Bermanis, A. and Averbuch, A. and Keller, Y.},
	journal={International journal of computer vision},
	volume={90},
	number={2},
	pages={166--182},
	year={2010},
	publisher={Springer}
}
@inproceedings{MitPWC2012,
	title={Symmetry in 3{D} geometry: {E}xtraction and applications},
	author={Mitra, N.J. and Pauly, M. and Wand, M. and Ceylan, D.},
	booktitle={EUROGRAPHICS State-of-the-art Report},
	pages={29--51},
	year={2012}
}

@article{ThomN11,
	title={Symmetry in Scalar Field Topology},
	author    = {Dilip Mathew Thomas and
		Vijay Natarajan},
	journal   = {IEEE Trans. Vis. Comput. Graph.},
	volume={17},
	number={12},
	pages={2035--2044},
	year={2011},
	publisher={IEEE}
}

@article{ReinH11,
  title={Combinatorial 2d vector field topology extraction and simplification},
    author={Reininghaus, J. and Hotz, I.},
      journal={Topological Methods in Data Analysis and Visualization},
        pages={103--114},
	  year={2011},
	    publisher={Springer}
}

@article{ReinLH11,
  title={Fast combinatorial vector field topology},
    author={Reininghaus, J. and Lowen, C. and Hotz, I.},
	journal   = {IEEE Trans. Vis. Comput. Graph.},
        volume={17},
	  number={10},
	    pages={1433--1443},
	      year={2011},
	        publisher={IEEE}
}

@article{SzyZ12,
author = {Andrzej Szymczak and Eugene Zhang},
title = {Robust Morse Decompositions of Piecewise Constant Vector Fields},
	journal   = {IEEE Trans. Vis. Comput. Graph.},
volume = {18},
issn = {1077-2626},
year = {2012},
pages = {938-951},
doi = {http://doi.ieeecomputersociety.org/10.1109/TVCG.2011.88},
publisher = {IEEE Computer Society},
address = {Los Alamitos, CA, USA},
}
@article{CorrLB11,
	author    = {Carlos D. Correa and
		Peter Lindstrom and
			Peer-Timo Bremer},
	title     = {Topological Spines: A Structure-preserving Visual Representation
		of Scalar Fields},
	journal   = {IEEE Trans. Vis. Comput. Graph.},
	volume    = {17},
	number    = {12},
	year      = {2011},
	pages     = {1842-1851},
	ee        = {http://doi.ieeecomputersociety.org/10.1109/TVCG.2011.244},
	bibsource = {DBLP, http://dblp.uni-trier.de}
}
@inproceedings{kerbWKS11,
	title={Partial Symmetry Detection in Volume Data},
	author={Kerber, J. and Wand, M. and Kr{\"u}ger, J. and Seidel, H.P.},
	booktitle={Vision, Modeling, and Visualization},
	pages={41--48},
	year={2011},
}

@article{LanBMMP06,
	title={Understanding the structure of the turbulent mixing layer in hydrodynamic instabilities},
	author={Laney, D. and Bremer, P.T. and Mascarenhas, A. and Miller, P. and Pascucci, V.},
	journal   = {IEEE Trans. Vis. Comput. Graph.},
	volume={12},
	number={5},
	pages={1053--1060},
	year={2006},
	publisher={IEEE}
}
@article{GyuDNPBHH07,
	title={Topologically clean distance fields},
	author={Gyulassy, A.G. and Duchaineau, M.A. and Natarajan, V. and Pascucci, V. and Bringa, E.M. and Higginbotham, A. and Hamann, B.},
	journal   = {IEEE Trans. Vis. Comput. Graph.},
	volume={13},
	number={6},
	pages={1432--1439},
	year={2007},
	publisher={IEEE}
}
@article{BremEHP04,
	title={A topological hierarchy for functions on triangulated surfaces},
	author={Bremer, P.T. and Edelsbrunner, H. and Hamann, B. and Pascucci, V.},
	journal   = {IEEE Trans. Vis. Comput. Graph.},
	volume={10},
	number={4},
	pages={385--396},
	year={2004},
	        publisher={IEEE}
}
@inproceedings{CazCL03,
	title={Molecular shape analysis based upon the {M}orse-{S}male complex and the {C}onnolly function},
	author={Cazals, F. and Chazal, F. and Lewiner, T.},
	booktitle={Proc. Symposium on Computational Geometry},
	pages={351--360},
	year={2003},
	organization={ACM}
}
@article{YamN10,
	title={Segmenting point-sampled surfaces},
	author={Yamazaki, I. and Natarajan, V. and Bai, Z. and Hamann, B.},
	journal={The Visual Computer},
	volume={26},
	number={12},
	pages={1421--1433},
	year={2010},
	publisher={Springer}
}
@article{DongBGPH06,
	author    = {Shen Dong and
		Peer-Timo Bremer and
			Michael Garland and
			Valerio Pascucci and
			John C. Hart},
	title     = {Spectral surface quadrangulation},
	journal   = {ACM Trans. Graph.},
	volume    = {25},
	number    = {3},
	year      = {2006},
	pages     = {1057-1066},
	ee        = {http://doi.acm.org/10.1145/1141911.1141993},
	bibsource = {DBLP, http://dblp.uni-trier.de}
}
@article{LewLT04,
	title={Applications of {F}orman's discrete {M}orse theory to topology visualization and mesh compression},
	author={Lewiner, T. and Lopes, H. and Tavares, G.},
	journal   = {IEEE Trans. Vis. Comput. Graph.},
	volume={10},
	number={5},
	pages={499--508},
	year={2004},
	publisher={IEEE}
}
@article{KasRHH11,
	title={Two-dimensional time-dependent vortex regions based on the acceleration magnitude},
	author={Kasten, J. and Reininghaus, J. and Hotz, I. and Hege, H.C.},
	journal   = {IEEE Trans. Vis. Comput. Graph.},
	volume={17},
	number={12},
	pages={2080--2087},
	year={2011},
	publisher={IEEE}
}
@article{KimLCF10,
	author    = {Vladimir G. Kim and
		Yaron Lipman and
			Xiaobai Chen and
			Thomas A. Funkhouser},
	title     = {M{\"o}bius Transformations For Global Intrinsic Symmetry
		Analysis},
	journal   = {Comput. Graph. Forum},
	volume    = {29},
	number    = {5},
	year      = {2010},
	pages     = {1689-1700},
	ee        = {http://dx.doi.org/10.1111/j.1467-8659.2010.01778.x},
	bibsource = {DBLP, http://dblp.uni-trier.de}
}
@book{Zakia01,
  title={Perception and imaging},
    author={Zakia, R.D.},
      year={2001},
        publisher={Focal Press}
}
@inproceedings{EdelHNP04,
	title={Local and global comparison of continuous functions},
	author={Edelsbrunner, Herbert and Harer, John and Natarajan, Vijay and Pascucci, Valerio},
	booktitle={Visualization, 2004. IEEE},
	pages={275--280},
	year={2004},
	organization={IEEE}
}
@article{NagarajNN11,
	author    = {Suthambhara Nagaraj and
		Vijay Natarajan and
			Ravi S. Nanjundiah},
	title     = {A Gradient-Based Comparison Measure for Visual analysis
		of Multifield Data},
	journal   = {Comput. Graph. Forum},
	volume    = {30},
	number    = {3},
	year      = {2011},
	pages     = {1101-1110},
}
@article{UshiMWBSB12,
	author    = {Daniela Mayumi Ushizima and
		Dmitriy Morozov and
			Gunther H. Weber and
			Andrea Gomes Campos Bianchi and
			James A. Sethian and
			E. Wes Bethel},
	title     = {Augmented Topological Descriptors of Pore Networks for Material
		Science},
	journal   = {IEEE Trans. Vis. Comput. Graph.},
	volume    = {18},
	number    = {12},
	year      = {2012},
	pages     = {2041-2050},
}
@book{Zomo05,
	title={Topology for {C}omputing},
	author={Zomorodian, Afra J},
	year={2005},
	publisher={Cambridge University Press}
}
@book{Edel10,
	title={Computational {T}opology: {A}n {I}ntroduction},
	author={Edelsbrunner, Herbert and Harer, John},
	year={2010},
	publisher={Amer Mathematical Society}
}
@article{EdelHZ03,
	author    = {Herbert Edelsbrunner and
		John Harer and
			Afra Zomorodian},
	title     = {Hierarchical {M}orse-{S}male Complexes for Piecewise Linear
		2-Manifolds},
	journal   = {Discrete {\&} Computational Geometry},
	volume    = {30},
	number    = {1},
	year      = {2003},
	pages     = {87-107},
}
@inproceedings{HombBPKW12,
	Author = {Ulrike Homberg and Daniel Baum and Steffen Prohaska
		and Ute Kalbe and Karl Josef Witt},
	Booktitle = {Proc. 6th Int. Conference on Scour and Erosion
		(ICSE-6)},
	Pages = {66--73},
	Title = {Automatic Extraction and Analysis of Realistic Pore
		Structures from {$\mu$CT} Data for Pore Space Characterization
			of Graded Soil},
	Year = {2012}
}
@book{som07,
	author = {de Graef, Marc and McHenry, Michael E.},
	publisher = {Cambridge University Press},
	title = {Structure of Materials},
	year = 2007
}
@book{booth02,
	title={Product Design for Manufacture and Assembly, Third Edition},
	author={Boothroyd, G. and Dewhurst, P. and Knight, W.A.},
	year={2010},
	publisher={CRC Press}
}
@book{stev06,
	title={Human Malformations And Related Anomalies},
	author={Stevenson, R.E. and Hall, J.G.},
	year={2006},
	publisher={Oxford University Press}
}
@article{ThomN13,
	author    = {Dilip Mathew Thomas and
		Vijay Natarajan},
	title     = {Detecting Symmetry in Scalar Fields Using Augmented Extremum
		Graphs},
	journal   = {IEEE Trans. Vis. Comput. Graph.},
	volume    = {19},
	number    = {12},
	year      = {2013},
	pages     = {2663-2672},
	ee        = {http://dx.doi.org/10.1109/TVCG.2013.148},
	bibsource = {DBLP, http://dblp.uni-trier.de}
}
@article{MasoodTN13,
	author    = {Talha Bin Masood and
		Dilip Mathew Thomas and
			Vijay Natarajan},
	title     = {Scalar field visualization via extraction of symmetric structures},
	journal   = {The Visual Computer},
	volume    = {29},
	number    = {6-8},
	year      = {2013},
	pages     = {761-771},
	ee        = {http://dx.doi.org/10.1007/s00371-013-0828-y},
	bibsource = {DBLP, http://dblp.uni-trier.de}
}
@article{haidacher11,
	title =      "Volume Analysis Using Multimodal Surface Similarity",
	author =     "Martin Haidacher and Stefan Bruckner and Meister Eduard
		Gr{\"o}ller",
	year =       "2011",
	pages =      "1969--1978",
	month =      oct,
	number =     "12",
  	journal   = {IEEE Trans. Vis. Comput. Graph.},
	volume =     "17",
	keywords =   "surface similarity, volume visualization, multimodal data",
	URL =        "http://www.cg.tuwien.ac.at/research/publications/2011/haidacher-2011-VAM/",
}
@article{schn13,
  title={Interactive comparison of multifield scalar data based on largest contours},
    author={Schneider, Dominic and Heine, Christian and Carr, Hamish and Scheuermann, Gerik},
      journal={Computer Aided Geometric Design},
        volume={30},
	  number={6},
	    pages={521--528},
	      year={2013},
	        publisher={Elsevier}
}
@article{lian2013,
  title={A comparison of methods for non-rigid 3D shape retrieval},
    author={Lian, Zhouhui and Godil, Afzal and Bustos, Benjamin and Daoudi, Mohamed and Hermans, Jeroen and Kawamura, Shun and Kurita, Yukinori and Lavou{\'e}, Guillaume and Van Nguyen, Hien and Ohbuchi, Ryutarou and others},
      journal={Pattern Recognition},
        volume={46},
	  number={1},
	    pages={449--461},
	      year={2013},
	        publisher={Elsevier}
}
@article{van2011,
  title={A survey on shape correspondence},
    author={Van Kaick, Oliver and Zhang, Hao and Hamarneh, Ghassan and Cohen-Or, Daniel},
      journal={Computer Graphics Forum},
        volume={30},
	  number={6},
	    pages={1681--1707},
	      year={2011},
	        organization={Wiley Online Library}
}
@article{tangelder2008survey,
  title={A survey of content based 3D shape retrieval methods},
    author={Tangelder, Johan WH and Veltkamp, Remco C},
      journal={Multimedia tools and applications},
        volume={39},
	  number={3},
	    pages={441--471},
	      year={2008},
	        publisher={Springer}
}
@inproceedings{qin2008content,
  title={Content based 3D model retrieval: A survey},
    author={Qin, Zheng and Jia, Ji and Qin, Jun},
      booktitle={Content-Based Multimedia Indexing, 2008. CBMI 2008. International Workshop on},
        pages={249--256},
	  year={2008},
	    organization={IEEE}
}
@article{Xu12,
	author    = {Kai Xu and
		Hao Zhang and
			Wei Jiang and
			Ramsay Dyer and
			Zhi-Quan Cheng and
			Ligang Liu and
			Baoquan Chen},
	title     = {Multi-scale partial intrinsic symmetry detection},
	journal   = {ACM Trans. Graph.},
	volume    = {31},
	number    = {6},
	year      = {2012},
	pages     = {181},
	ee        = {http://doi.acm.org/10.1145/2366145.2366200},
	bibsource = {DBLP, http://dblp.uni-trier.de}
}

@article{MatasCUP04,
	author    = {Jiri Matas and
		Ondrej Chum and
			Martin Urban and
			Tom{\'a}s Pajdla},
	title     = {Robust wide-baseline stereo from maximally stable extremal
		regions},
	journal   = {Image Vision Comput.},
	volume    = {22},
	number    = {10},
	year      = {2004},
	pages     = {761-767},
	ee        = {http://dx.doi.org/10.1016/j.imavis.2004.02.006},
	bibsource = {DBLP, http://dblp.uni-trier.de}
}
@article{reuter2006laplace,
	title={Laplace--Beltrami spectra as ‘Shape-DNA’ of surfaces and solids},
	author={Reuter, Martin and Wolter, Franz-Erich and Peinecke, Niklas},
	journal={Computer-Aided Design},
	volume={38},
	number={4},
	pages={342--366},
	year={2006},
	publisher={Elsevier}
}
@inproceedings{niethammer2007global,
	title={Global medical shape analysis using the Laplace-Beltrami spectrum},
	author={Niethammer, Marc and Reuter, Martin and Wolter, Franz-Erich and Bouix, Sylvain and Peinecke, Niklas and Koo, Min-Seong and Shenton, Martha E},
	booktitle={Medical Image Computing and Computer-Assisted Intervention--MICCAI 2007},
	pages={850--857},
	year={2007},
}
@article{reuter2009laplace,
	title={Laplace--Beltrami eigenvalues and topological features of eigenfunctions for statistical shape analysis},
	author={Reuter, Martin and Wolter, Franz-Erich and Shenton, Martha and Niethammer, Marc},
	journal={Computer-Aided Design},
	volume={41},
	number={10},
	pages={739--755},
	year={2009},
	publisher={Elsevier}
}
@article{PinkallP93,
	author    = {Ulrich Pinkall and
		Konrad Polthier},
	title     = {Computing Discrete Minimal Surfaces and Their Conjugates},
	journal   = {Experimental Mathematics},
	volume    = {2},
	number    = {1},
	year      = {1993},
	pages     = {15-36},
	ee        = {http://dx.doi.org/10.1080/10586458.1993.10504266},
	bibsource = {DBLP, http://dblp.uni-trier.de}
}
@article{Kulis13,
	author    = {Brian Kulis},
	title     = {Metric Learning: A Survey},
	journal   = {Foundations and Trends in Machine Learning},
	volume    = {5},
	number    = {4},
	year      = {2013},
	pages     = {287-364},
	ee        = {http://dx.doi.org/10.1561/2200000019},
	bibsource = {DBLP, http://dblp.uni-trier.de}
}
@article{BeyerAKLPH13,
	author    = {Johanna Beyer and
		Ali Al-Awami and
			Narayanan Kasthuri and
			Jeff W. Lichtman and
			Hanspeter Pfister and
			Markus Hadwiger},
	title     = {ConnectomeExplorer: Query-Guided Visual Analysis of Large
		Volumetric Neuroscience Data},
	journal   = {IEEE Trans. Vis. Comput. Graph.},
	volume    = {19},
	number    = {12},
	year      = {2013},
	pages     = {2868-2877},
	ee        = {http://dx.doi.org/10.1109/TVCG.2013.142},
	bibsource = {DBLP, http://dblp.uni-trier.de}
}
@article{LiuJH13,
	author    = {Zhicheng Liu and
		Biye Jiang and
			Jeffrey Heer},
	title     = {{\it imMens}: Real-time Visual Querying of Big Data},
	journal   = {Comput. Graph. Forum},
	volume    = {32},
	number    = {3},
	year      = {2013},
	pages     = {421-430},
	ee        = {http://dx.doi.org/10.1111/cgf.12129},
	bibsource = {DBLP, http://dblp.uni-trier.de}
}
@inproceedings{tahmoush2007improved,
	title={An improved asymmetry measure to detect breast cancer},
	author={Tahmoush, Dave and Samet, Hanan},
	booktitle={Medical Imaging},
	pages={65141Q--65141Q},
	year={2007},
	organization={International Society for Optics and Photonics}
}
@article{CigRS98,
	author    = {Paolo Cignoni and
		Claudio Rocchini and
			Roberto Scopigno},
	title     = {Metro: Measuring Error on Simplified Surfaces},
	journal   = {Comput. Graph. Forum},
	volume    = {17},
	number    = {2},
	year      = {1998},
	pages     = {167-174},
	ee        = {http://dx.doi.org/10.1111/1467-8659.00236},
	bibsource = {DBLP, http://dblp.uni-trier.de}
}


